<record><leader>00000cas a22000007a 4500</leader><controlfield tag="001">14634202</controlfield><controlfield tag="008">861104d19171919txuwr ne      0    0cze d</controlfield><datafield ind1=" " ind2=" " tag="010"><subfield code="a">sn 86089928 </subfield></datafield><datafield ind1=" " ind2=" " tag="040"><subfield code="a">PPM</subfield><subfield code="b">eng</subfield><subfield code="c">PPM</subfield><subfield code="d">NVG</subfield><subfield code="d">OCLCQ</subfield><subfield code="d">OCLCF</subfield><subfield code="d">OCLCO</subfield><subfield code="d">OCLCQ</subfield><subfield code="d">OCLCA</subfield></datafield><datafield ind1="0" ind2=" " tag="041"><subfield code="a">cze</subfield><subfield code="a">eng</subfield></datafield><datafield ind1=" " ind2=" " tag="042"><subfield code="a">msc</subfield></datafield><datafield ind1=" " ind2=" " tag="043"><subfield code="a">n-us-tx</subfield></datafield><datafield ind1="0" ind2=" " tag="130"><subfield code="a">C&#780;echoslova&#769;k (Rosenberg, Tex.)</subfield></datafield><datafield ind1="1" ind2="0" tag="245"><subfield code="a">C&#780;echoslova&#769;k.</subfield></datafield><datafield ind1=" " ind2=" " tag="260"><subfield code="a">Rosenberg, Tex. :</subfield><subfield code="b">Vydavatelska&#769;, Spolec&#780;nost C&#780;echoslova&#769;k =C&#780;echoslova&#769;k Pub. Co.</subfield></datafield><datafield ind1=" " ind2=" " tag="300"><subfield code="a">volumes</subfield></datafield><datafield ind1=" " ind2=" " tag="310"><subfield code="a">Weekly</subfield></datafield><datafield ind1=" " ind2=" " tag="336"><subfield code="a">text</subfield><subfield code="b">txt</subfield><subfield code="2">rdacontent</subfield></datafield><datafield ind1=" " ind2=" " tag="337"><subfield code="a">unmediated</subfield><subfield code="b">n</subfield><subfield code="2">rdamedia</subfield></datafield><datafield ind1=" " ind2=" " tag="338"><subfield code="a">volume</subfield><subfield code="b">nc</subfield><subfield code="2">rdacarrier</subfield></datafield><datafield ind1="1" ind2=" " tag="362"><subfield code="a">Began in 1917; ceased in Dec. 1919.</subfield></datafield><datafield ind1=" " ind2=" " tag="546"><subfield code="a">Chiefly in Czech; some also in English.</subfield></datafield><datafield ind1=" " ind2=" " tag="580"><subfield code="a">Merged with: Westske noviny, to form: C&#780;echoslova&#769;k and Westske noviny.</subfield></datafield><datafield ind1=" " ind2=" " tag="588"><subfield code="a">Description based on: Roc&#780; 2, c&#780;i&#769;s. 2 (16r&#780;i&#780;j., 1918).</subfield></datafield><datafield ind1=" " ind2="0" tag="650"><subfield code="a">Czechs</subfield><subfield code="z">Texas</subfield><subfield code="v">Newspapers.</subfield></datafield><datafield ind1=" " ind2="0" tag="650"><subfield code="a">Czech American newspapers.</subfield></datafield><datafield ind1=" " ind2="0" tag="651"><subfield code="a">Texas</subfield><subfield code="v">Newspapers.</subfield></datafield><datafield ind1=" " ind2="7" tag="650"><subfield code="a">Czech-American newspapers.</subfield><subfield code="2">fast</subfield><subfield code="0">(OCoLC)fst00886452</subfield></datafield><datafield ind1=" " ind2="7" tag="650"><subfield code="a">Czechs.</subfield><subfield code="2">fast</subfield><subfield code="0">(OCoLC)fst00886455</subfield></datafield><datafield ind1=" " ind2="7" tag="651"><subfield code="a">Texas.</subfield><subfield code="2">fast</subfield><subfield code="0">(OCoLC)fst01210336</subfield></datafield><datafield ind1=" " ind2="7" tag="655"><subfield code="a">Newspapers.</subfield><subfield code="2">fast</subfield><subfield code="0">(OCoLC)fst01423814</subfield></datafield><datafield ind1=" " ind2=" " tag="752"><subfield code="a">United States</subfield><subfield code="b">Texas</subfield><subfield code="c">Fort Bend</subfield><subfield code="d">Rosenberg.</subfield></datafield><datafield ind1="1" ind2="7" tag="785"><subfield code="t">Westske noviny</subfield></datafield><datafield ind1="1" ind2="7" tag="785"><subfield code="t">C&#780;echoslova&#769;k and Westske noviny</subfield><subfield code="w">(DLC)sn 86090294</subfield></datafield><datafield ind1="1" ind2=" " tag="029"><subfield code="a">AU@</subfield><subfield code="b">000025784171</subfield></datafield></record>